@book{polterovich,
  title     = {Topological Persistence in Geometry and Analysis},
  author    = {Leonid Polterovich and Daniel Rosen and Karina Samvelyan and Jun Zhang},
  year      = {2020},
  publisher = {American Mathematical Society}
}

@book{hungerford,
  title     = {Algebra},
  author    = {Thomas W. Hungerford},
  year      = {2000},
  publisher = {Springer}
}

@book{rudin,
  title     = {Real and Complex Analysis},
  author    = {Walter Rudin},
  year      = {1987},
  publisher = {McGraw-Hill}
}

@book{burago,
  title     = {A Course in Metric Geometry},
  author    = {Dmitri Burago and Yuri Burago and Sergei Ivanov},
  year      = {2001},
  publisher = {American Mathematical Society}
}

@article{nanda,
  title     = {Computational Algebraic Topology, Lecture Notes},
  author    = {Vidit Nanda},
  year      = {2020},
  journal   = {University of Oxford}
}

@article{wang,
  title     = {The basic theory of persistent homology},
  author    = {Kairui Glen Wang},
  year      = {2012},
  journal   = {University of Chicago}
}

@article{edelsbrunner,
  title     = {Stability of Persistence Diagrams},
  author    = {Herbert Edelsbrunner and David Cohen-Steiner and John Harer},
  year      = {2005},
  journal   = {University of Chicago}
}

@article{chazal,
  title     = {Gromov-Hausdorff Stable Signatures for Shapes using Persistence},
  author    = {Frédéric Chazal and David Cohen-Steiner and Leonidas J. Guibas and Facundo Mémoli and Steve Y. Oudot},
  year      = {2009},
  journal   = {Eurographics Symposium on Geometry Processing}
}

@article{ghrist,
  title     = {Coverage and Hole-Detection in Sensor Networks via Homology},
  author    = {Robert Ghrist and Abubakr Muhammad},
  year      = {2005},
  journal   = {Fourth International Symposium on Information Processing in Sensor Networks}
}

@article{oudot,
  title     = {Towards Persistence-Based Reconstruction in Euclidean Spaces},
  author    = {Frédéric Chazal and Steve Y. Oudot},
  year      = {2008},
  journal   = {Institut National de Reerche en Informatique et en Automatique}
}

@article{bubenik,
  title     = {Statistical Topological Data Analysis using Persistence
Landscapes},
  author    = {Peter Bubenik},
  year      = {2015},
  journal   = {Journal of Machine Learning Research}
}

@article{adams,
  title     = {Persistence Images: A Stable Vector Representation of
Persistent Homology},
  author    = {Henry Adams and Tegan Emerson and Michael Kirby and Rachel Neville and Chris Peterson and Patrick Shipman},
  year      = {2017},
  journal   = {Journal of Machine Learning Research}
}

@article{dlotko,
  title     = {Euler characteristic curves and profiles: a stable shape
invariant for big data problems},
  author    = {Paweł Dłotko and Davide Gurnari},
  year      = {2023},
  journal   = {Oxford GigaScience}
}